@book{Duverger1954,
   author = {Duverger, Maurice},
   title = {Political Parties: Their Organization and Activity in the Modern State},
   publisher = {Wiley},
   address = {New York},
   year = {1954},
   type = {Book}
}

@article{PardosPrado2010,
   author = {Pardos-Prado, Sergi and Dinas, Elias},
   title = {Systemic Polarisation and Spatial Voting},
   journal = {European Journal of Political Research},
   volume = {49},
   number = {6},
   pages = {759-786},
   year = {2010},
   type = {Journal Article}
}

@article{Riker1982,
   author = {Riker, William H.},
   title = {The Two-party System and Duverger's Law: An Essay on the History of Political Science},
   journal = {American Political Science Review},
   volume = {76},
   number = {4},
   pages = {753-766},
   ISSN = {0003-0554},
   year = {1982},
   type = {Journal Article}
}
