@article{kielbassa1997wavelength,
  title={Wavelength dependence of oxidative DNA damage induced by UV and visible light.},
  author={Kielbassa, Christopher and Roza, Len and Epe, Bernd},
  journal={Carcinogenesis},
  volume={18},
  number={4},
  pages={811--816},
  year={1997}
}
@article{whitmore2001effect,
  title={Effect of photoreactivating light on UV radiation-induced alterations in human skin},
  author={Whitmore, SE and Potten, CS and Chadwick, CA and Strickland, Paul Timothy and Morison, WL},
  journal={Photodermatology, photoimmunology \& photomedicine},
  volume={17},
  number={5},
  pages={213--217},
  year={2001},
  publisher={Wiley Online Library}
}
@article{hu2017cartography,
  title={The cartography of UV-induced DNA damage formation and DNA repair},
  author={Hu, Jinchuan and Adar, Sheera},
  journal={Photochemistry and photobiology},
  volume={93},
  number={1},
  pages={199--206},
  year={2017},
  publisher={Wiley Online Library}
}
@article{khattak1972photochemical,
  title={The photochemical mechanism of pyrimidine cyclobutyl dimerization},
  author={Khattak, MN and Wang, Shih Yi},
  journal={Tetrahedron},
  volume={28},
  number={4},
  pages={945--957},
  year={1972},
  publisher={Elsevier}
}
@article{wacker1964organic,
  title={Organic photochemistry of nucleic acids},
  author={Wacker, A and Dellweg, H and Tr{\"a}ger, L and Kornhauser, A and Lodemann, E and T{\"u}rck, G and Selzer, R and Chandra, P and Ishimoto, M},
  journal={Photochemistry and Photobiology},
  volume={3},
  number={4},
  pages={369--394},
  year={1964},
  publisher={Wiley Online Library}
}
@article{taylor1988synthesis,
  title={Synthesis of a trans-syn thymine dimer building block. Solid phase synthesis of CGTAT [t, s] TATGC},
  author={Taylor, John-Stephen and Brockie, Ian R},
  journal={Nucleic acids research},
  volume={16},
  number={11},
  pages={5123--5136},
  year={1988},
  publisher={Oxford University Press}
}
@article{nguyen1988ultraviolet,
  title={Ultraviolet-induced dimerization of non-adjacent pyrimidines: A potential mechanism for the targeted- 1 frameshift mutation},
  author={Nguyen, Hong T and Minton, Kenneth W},
  journal={Journal of molecular biology},
  volume={200},
  number={4},
  pages={681--693},
  year={1988},
  publisher={Elsevier}
}
@book{friedberg2005dna,
  title={DNA repair and mutagenesis},
  author={Friedberg, Errol C and Walker, Graham C and Siede, Wolfram and Wood, Richard D},
  year={2005},
  publisher={American Society for Microbiology Press}
}
@article{douki2001individual,
  title={Individual determination of the yield of the main UV-induced dimeric pyrimidine photoproducts in DNA suggests a high mutagenicity of CC photolesions},
  author={Douki, Thierry and Cadet, Jean},
  journal={Biochemistry},
  volume={40},
  number={8},
  pages={2495--2501},
  year={2001},
  publisher={ACS Publications}
}
@article{mouret2010uva,
  title={UVA-induced cyclobutane pyrimidine dimers in DNA: a direct photochemical mechanism?},
  author={Mouret, St{\'e}phane and Philippe, Coralie and Gracia-Chantegrel, Jocelyne and Banyasz, Akos and Karpati, Szilvia and Markovitsi, Dimitra and Douki, Thierry},
  journal={Organic \& biomolecular chemistry},
  volume={8},
  number={7},
  pages={1706--1711},
  year={2010},
  publisher={Royal Society of Chemistry}
}
@article{patrick1977studies,
  title={Studies on thymine-derived UV photoproducts in DNAâ€”I. Formation and biological role of pyrimidine adducts in DNA},
  author={Patrick, Michael H},
  journal={Photochemistry and photobiology},
  volume={25},
  number={4},
  pages={357--372},
  year={1977},
  publisher={Wiley Online Library}
}
@article{schreier2007thymine,
  title={Thymine dimerization in DNA is an ultrafast photoreaction},
  author={Schreier, Wolfgang J and Schrader, Tobias E and Koller, Florian O and Gilch, Peter and Crespo-Hern{\'a}ndez, Carlos E and Swaminathan, Vijay N and Carell, Thomas and Zinth, Wolfgang and Kohler, Bern},
  journal={Science},
  volume={315},
  number={5812},
  pages={625--629},
  year={2007},
  publisher={American Association for the Advancement of Science}
}
@article{taylor1987dna,
  title={DNA, light, and Dewar pyrimidinones: the structure and biological significance to TpT3},
  author={Taylor, John Stephen and Cohrs, Michael P},
  journal={Journal of the American Chemical Society},
  volume={109},
  number={9},
  pages={2834--2835},
  year={1987},
  publisher={ACS Publications}
}
@article{li2018mismatch,
  title={Mismatch tolerance during homologous recombination in mammalian cells},
  author={Li, Shen and Wehrenberg, Bryan and Waldman, Barbara C and Waldman, Alan S},
  journal={DNA repair},
  volume={70},
  pages={25--36},
  year={2018},
  publisher={Elsevier}
}
@article{tubbs2017endogenous,
  title={Endogenous DNA damage as a source of genomic instability in cancer},
  author={Tubbs, Anthony and Nussenzweig, Andr{\'e}},
  journal={Cell},
  volume={168},
  number={4},
  pages={644--656},
  year={2017},
  publisher={Elsevier}
}
@article{modrich1997strand,
  title={Strand-specific mismatch repair in mammalian cells},
  author={Modrich, Paul},
  journal={Journal of Biological Chemistry},
  volume={272},
  number={40},
  pages={24727--24730},
  year={1997},
  publisher={ASBMB}
}
@article{reardon2005nucleotide,
  title={Nucleotide excision repair},
  author={Reardon, Joyce T and Sancar, Aziz},
  journal={Progress in nucleic acid research and molecular biology},
  volume={79},
  pages={183--235},
  year={2005},
  publisher={Elsevier}
}
@article{klungland1999base,
  title={Base excision repair of oxidative DNA damage activated by XPG protein},
  author={Klungland, Arne and H{\"o}ss, Matthias and Gunz, Daniela and Constantinou, Angelos and Clarkson, Stuart G and Doetsch, Paul W and Bolton, Philip H and Wood, Richard D and Lindahl, Tomas},
  journal={Molecular cell},
  volume={3},
  number={1},
  pages={33--42},
  year={1999},
  publisher={Elsevier}
}
@article{boyce1964release,
  title={Release of ultraviolet light-induced thymine dimers from DNA in E. coli K-12},
  author={Boyce, Richard P and Howard-Flanders, Paul},
  journal={Proceedings of the National Academy of Sciences of the United States of America},
  volume={51},
  number={2},
  pages={293},
  year={1964},
  publisher={National Academy of Sciences}
}
@article{setlow1964disappearance,
  title={The disappearance of thymine dimers from DNA: an error-correcting mechanism},
  author={Setlow, RB and Carrier, WL},
  journal={Proceedings of the National Academy of Sciences of the United States of America},
  volume={51},
  number={2},
  pages={226},
  year={1964},
  publisher={National Academy of Sciences}
}
@article{yimit2019differential,
  title={Differential damage and repair of DNA-adducts induced by anti-cancer drug cisplatin across mouse organs},
  author={Yimit, Askar and Adebali, Ogun and Sancar, Aziz and Jiang, Yuchao},
  journal={Nature communications},
  volume={10},
  number={1},
  pages={1--11},
  year={2019},
  publisher={Nature Publishing Group}
}
@article{sancar2016mechanisms,
  title={Mechanisms of DNA repair by photolyase and excision nuclease (Nobel Lecture)},
  author={Sancar, Aziz},
  journal={Angewandte Chemie International Edition},
  volume={55},
  number={30},
  pages={8502--8527},
  year={2016},
  publisher={Wiley Online Library}
}
@article{sugasawa1998xeroderma,
  title={Xeroderma pigmentosum group C protein complex is the initiator of global genome nucleotide excision repair},
  author={Sugasawa, Kaoru and Ng, Jessica MY and Masutani, Chikahide and Iwai, Shigenori and van der Spek, Peter J and Eker, Andr{\'e} PM and Hanaoka, Fumio and Bootsma, Dirk and Hoeijmakers, Jan HJ},
  journal={Molecular cell},
  volume={2},
  number={2},
  pages={223--232},
  year={1998},
  publisher={Elsevier}
}
@article{mizukoshi2001structural,
  title={Structural study of DNA duplexes containing the (6--4) photoproduct by fluorescence resonance energy transfer},
  author={Mizukoshi, Toshimi and Kodama, Takashi S and Fujiwara, Yoshie and Furuno, Tadahide and Nakanishi, Mamoru and Iwai, Shigenori},
  journal={Nucleic acids research},
  volume={29},
  number={24},
  pages={4948--4954},
  year={2001},
  publisher={Oxford University Press}
}
@article{park2002crystal,
  title={Crystal structure of a DNA decamer containing a cis-syn thymine dimer},
  author={Park, HaJeung and Zhang, Kaijiang and Ren, Yingjie and Nadji, Sourena and Sinha, Nanda and Taylor, John-Stephen and Kang, ChulHee},
  journal={Proceedings of the National Academy of Sciences},
  volume={99},
  number={25},
  pages={15965--15970},
  year={2002},
  publisher={National Acad Sciences}
}
@article{scrima2008structural,
  title={Structural basis of UV DNA-damage recognition by the DDB1--DDB2 complex},
  author={Scrima, Andrea and Kon{\'\i}{\v{c}}kov{\'a}, Renata and Czyzewski, Bryan K and Kawasaki, Yusuke and Jeffrey, Philip D and Groisman, Regina and Nakatani, Yoshihiro and Iwai, Shigenori and Pavletich, Nikola P and Thom{\"a}, Nicolas H},
  journal={Cell},
  volume={135},
  number={7},
  pages={1213--1223},
  year={2008},
  publisher={Elsevier}
}
@article{svejstrup2002mechanisms,
  title={Mechanisms of transcription-coupled DNA repair},
  author={Svejstrup, Jesper Q},
  journal={Nature Reviews Molecular Cell Biology},
  volume={3},
  number={1},
  pages={21--29},
  year={2002},
  publisher={Nature Publishing Group}
}
@article{selby1997human,
  title={Human transcription-repair coupling factor CSB/ERCC6 is a DNA-stimulated ATPase but is not a helicase and does not disrupt the ternary transcription complex of stalled RNA polymerase II},
  author={Selby, Christopher P and Sancar, Aziz},
  journal={Journal of Biological Chemistry},
  volume={272},
  number={3},
  pages={1885--1890},
  year={1997},
  publisher={ASBMB}
}
@article{citterio1998biochemical,
  title={Biochemical and biological characterization of wild-type and ATPase-deficient Cockayne syndrome B repair protein},
  author={Citterio, Elisabetta and Rademakers, Suzanne and van der Horst, Gijsbertus TJ and van Gool, Alain J and Hoeijmakers, Jan HJ and Vermeulen, Wim},
  journal={Journal of Biological Chemistry},
  volume={273},
  number={19},
  pages={11844--11851},
  year={1998},
  publisher={ASBMB}
}
@article{muftuoglu2002phenotypic,
  title={Phenotypic consequences of mutations in the conserved motifs of the putative helicase domain of the human Cockayne syndrome group B gene},
  author={Muftuoglu, Meltem and Selzer, Rebecca and Tuo, Jingsheng and Brosh Jr, Robert M and Bohr, Vilhelm A},
  journal={Gene},
  volume={283},
  number={1-2},
  pages={27--40},
  year={2002},
  publisher={Elsevier}
}
@article{fousteri2006cockayne,
  title={Cockayne syndrome A and B proteins differentially regulate recruitment of chromatin remodeling and repair factors to stalled RNA polymerase II in vivo},
  author={Fousteri, Maria and Vermeulen, Wim and van Zeeland, Albert A and Mullenders, Leon HF},
  journal={Molecular cell},
  volume={23},
  number={4},
  pages={471--482},
  year={2006},
  publisher={Elsevier}
}
@article{selby1997cockayne,
  title={Cockayne syndrome group B protein enhances elongation by RNA polymerase II},
  author={Selby, Christopher P and Sancar, Aziz},
  journal={Proceedings of the National Academy of Sciences},
  volume={94},
  number={21},
  pages={11205--11209},
  year={1997},
  publisher={National Acad Sciences}
}
@article{tornaletti1999structural,
  title={Structural characterization of RNA polymerase II complexes arrested by a cyclobutane pyrimidine dimer in the transcribed strand of template DNA},
  author={Tornaletti, Silvia and Reines, Daniel and Hanawalt, Philip C},
  journal={Journal of Biological Chemistry},
  volume={274},
  number={34},
  pages={24124--24130},
  year={1999},
  publisher={ASBMB}
}
@article{marteijn2014understanding,
  title={Understanding nucleotide excision repair and its roles in cancer and ageing},
  author={Marteijn, Jurgen A and Lans, Hannes and Vermeulen, Wim and Hoeijmakers, Jan HJ},
  journal={Nature reviews Molecular cell biology},
  volume={15},
  number={7},
  pages={465--481},
  year={2014},
  publisher={Nature Publishing Group}
}
@article{de2000nucleotide,
  title={Nucleotide excision repair and human syndromes},
  author={De Boer, Jan and Hoeijmakers, Jan HJ},
  journal={Carcinogenesis},
  volume={21},
  number={3},
  pages={453--460},
  year={2000},
  publisher={Oxford University Press}
}
@article{lehmann2003dna,
  title={DNA repair-deficient diseases, xeroderma pigmentosum, Cockayne syndrome and trichothiodystrophy},
  author={Lehmann, Alan R},
  journal={Biochimie},
  volume={85},
  number={11},
  pages={1101--1111},
  year={2003},
  publisher={Elsevier}
}
@article{cleaver1968defective,
  title={Defective repair replication of DNA in xeroderma pigmentosum},
  author={Cleaver, JE},
  journal={nature},
  volume={218},
  number={5142},
  pages={652--656},
  year={1968},
  publisher={Nature Publishing Group}
}
@article{cleaver1975xeroderma,
  title={Xeroderma pigmentosum: biochemical and genetic characteristics},
  author={Cleaver, James E and Bootsma, D},
  journal={Annual review of genetics},
  volume={9},
  number={1},
  pages={19--38},
  year={1975},
  publisher={Annual Reviews 4139 El Camino Way, PO Box 10139, Palo Alto, CA 94303-0139, USA}
}
@article{van1995transcription,
  title={Transcription-coupled repair removes both cyclobutane pyrimidine dimers and 6-4 photoproducts with equal efficiency and in a sequential way from transcribed DNA in xeroderma pigmentosum group C fibroblasts.},
  author={Van Hoffen, A and Venema, J and Meschini, R and Van Zeeland, AA and Mullenders, LH},
  journal={The EMBO journal},
  volume={14},
  number={2},
  pages={360--367},
  year={1995}
}
@article{cockayne1936dwarfism,
  title={Dwarfism with retinal atrophy and deafness},
  author={Cockayne, Edward A},
  journal={Archives of disease in childhood},
  volume={11},
  number={61},
  pages={1},
  year={1936},
  publisher={BMJ Publishing Group}
}
@article{cockayne1946dwarfism,
  title={Dwarfism with retinal atrophy and deafness},
  author={Cockayne, Edward A},
  journal={Archives of disease in childhood},
  volume={21},
  number={105},
  pages={52--54},
  year={1946}
}
@article{neill1950syndrome,
  title={A syndrome resembling progeria: A review of two cases},
  author={Neill, Catherine A and Dingwall, Mary M},
  journal={Archives of disease in childhood},
  volume={25},
  number={123},
  pages={213},
  year={1950},
  publisher={BMJ Publishing Group}
}
@article{drapkin1994dual,
  title={Dual role of TFIIH in DNA excision repair and in transcription by RNA polymerase II},
  author={Drapkin, Ronny and Reardon, Joyce T and Ansari, Athar and Huang, Juch-Chin and Zawel, Leigh and Ahn, KyuJeong and Sancar, Aziz and Reinberg, Danny},
  journal={Nature},
  volume={368},
  number={6473},
  pages={769--772},
  year={1994},
  publisher={Nature Publishing Group}
}
@article{giglia2006dynamic,
  title={Dynamic interaction of TTDA with TFIIH is stabilized by nucleotide excision repair in living cells},
  author={Giglia-Mari, Giuseppina and Miquel, Catherine and Theil, Arjan F and Mari, Pierre-Olivier and Hoogstraten, Deborah and Ng, Jessica MY and Dinant, Christoffel and Hoeijmakers, Jan HJ and Vermeulen, Wim},
  journal={PLoS Biol},
  volume={4},
  number={6},
  pages={e156},
  year={2006},
  publisher={Public Library of Science}
}
@article{supek2015differential,
  title={Differential DNA mismatch repair underlies mutation rate variation across the human genome},
  author={Supek, Fran and Lehner, Ben},
  journal={Nature},
  volume={521},
  number={7550},
  pages={81--84},
  year={2015},
  publisher={Nature Publishing Group}
}
@article{helleday2014mechanisms,
  title={Mechanisms underlying mutational signatures in human cancers},
  author={Helleday, Thomas and Eshtad, Saeed and Nik-Zainal, Serena},
  journal={Nature Reviews Genetics},
  volume={15},
  number={9},
  pages={585--598},
  year={2014},
  publisher={Nature Publishing Group}
}
@article{zheng2014transcription,
  title={Transcription restores DNA repair to heterochromatin, determining regional mutation rates in cancer genomes},
  author={Zheng, Christina L and Wang, Nicholas J and Chung, Jongsuk and Moslehi, Homayoun and Sanborn, J Zachary and Hur, Joseph S and Collisson, Eric A and Vemula, Swapna S and Naujokas, Agne and Chiotti, Kami E and others},
  journal={Cell reports},
  volume={9},
  number={4},
  pages={1228--1234},
  year={2014},
  publisher={Elsevier}
}
@article{tomkova2018mutational,
  title={Mutational signature distribution varies with DNA replication timing and strand asymmetry},
  author={Tomkova, Marketa and Tomek, Jakub and Kriaucionis, Skirmantas and Schuster-B{\"o}ckler, Benjamin},
  journal={Genome biology},
  volume={19},
  number={1},
  pages={1--12},
  year={2018},
  publisher={BioMed Central}
}
@article{takebayashi2017anatomy,
  title={Anatomy of mammalian replication domains},
  author={Takebayashi, Shin-ichiro and Ogata, Masato and Okumura, Katsuzumi},
  journal={Genes},
  volume={8},
  number={4},
  pages={110},
  year={2017},
  publisher={Multidisciplinary Digital Publishing Institute}
}
@article{jackson1998replicon,
  title={Replicon clusters are stable units of chromosome structure: evidence that nuclear organization contributes to the efficient activation and propagation of S phase in human cells},
  author={Jackson, Dean A and Pombo, Ana},
  journal={The Journal of cell biology},
  volume={140},
  number={6},
  pages={1285--1295},
  year={1998},
  publisher={The Rockefeller University Press}
}
@article{dimitrova2002spatio,
  title={The spatio-temporal organization of DNA replication sites is identical in primary, immortalized and transformed mammalian cells},
  author={Dimitrova, Daniela S and Berezney, Ronald},
  journal={Journal of cell science},
  volume={115},
  number={21},
  pages={4037--4051},
  year={2002},
  publisher={The Company of Biologists Ltd}
}
@article{farkash2008global,
  title={Global organization of replication time zones of the mouse genome},
  author={Farkash-Amar, Shlomit and Lipson, Doron and Polten, Andreas and Goren, Alon and Helmstetter, Charles and Yakhini, Zohar and Simon, Itamar},
  journal={Genome research},
  volume={18},
  number={10},
  pages={1562--1570},
  year={2008},
  publisher={Cold Spring Harbor Lab}
}
@article{hansen2010sequencing,
  title={Sequencing newly replicated DNA reveals widespread plasticity in human replication timing},
  author={Hansen, R Scott and Thomas, Sean and Sandstrom, Richard and Canfield, Theresa K and Thurman, Robert E and Weaver, Molly and Dorschner, Michael O and Gartler, Stanley M and Stamatoyannopoulos, John A},
  journal={Proceedings of the National Academy of Sciences},
  volume={107},
  number={1},
  pages={139--144},
  year={2010},
  publisher={National Acad Sciences}
}
@article{hiratani2008global,
  title={Global reorganization of replication domains during embryonic stem cell differentiation},
  author={Hiratani, Ichiro and Ryba, Tyrone and Itoh, Mari and Yokochi, Tomoki and Schwaiger, Michaela and Chang, Chia-Wei and Lyou, Yung and Townes, Tim M and Sch{\"u}beler, Dirk and Gilbert, David M},
  journal={PLoS Biol},
  volume={6},
  number={10},
  pages={e245},
  year={2008},
  publisher={Public Library of Science}
}
@article{koren2014genetic,
  title={Genetic variation in human DNA replication timing},
  author={Koren, Amnon and Handsaker, Robert E and Kamitaki, Nolan and Karli{\'c}, Rosa and Ghosh, Sulagna and Polak, Paz and Eggan, Kevin and McCarroll, Steven A},
  journal={Cell},
  volume={159},
  number={5},
  pages={1015--1026},
  year={2014},
  publisher={Elsevier}
}
@article{nakayasu1989mapping,
  title={Mapping replicational sites in the eucaryotic cell nucleus.},
  author={Nakayasu, Hiroshi and Berezney, Ronald},
  journal={Journal of Cell Biology},
  volume={108},
  number={1},
  pages={1--11},
  year={1989},
  publisher={The Rockefeller University Press}
}
@article{o1992dynamic,
  title={Dynamic organization of DNA replication in mammalian cell nuclei: spatially and temporally defined replication of chromosome-specific alpha-satellite DNA sequences.},
  author={O'keefe, Raymond T and Henderson, Scott C and Spector, David L},
  journal={The Journal of cell biology},
  volume={116},
  number={5},
  pages={1095--1110},
  year={1992}
}
@article{lawrence2013mutational,
  title={Mutational heterogeneity in cancer and the search for new cancer-associated genes},
  author={Lawrence, Michael S and Stojanov, Petar and Polak, Paz and Kryukov, Gregory V and Cibulskis, Kristian and Sivachenko, Andrey and Carter, Scott L and Stewart, Chip and Mermel, Craig H and Roberts, Steven A and others},
  journal={Nature},
  volume={499},
  number={7457},
  pages={214--218},
  year={2013},
  publisher={Nature Publishing Group}
}
@article{stamatoyannopoulos2009human,
  title={Human mutation rate associated with DNA replication timing},
  author={Stamatoyannopoulos, John A and Adzhubei, Ivan and Thurman, Robert E and Kryukov, Gregory V and Mirkin, Sergei M and Sunyaev, Shamil R},
  journal={Nature genetics},
  volume={41},
  number={4},
  pages={393--395},
  year={2009},
  publisher={Nature Publishing Group}
}
@article{schuster2012chromatin,
  title={Chromatin organization is a major influence on regional mutation rates in human cancer cells},
  author={Schuster-B{\"o}ckler, Benjamin and Lehner, Ben},
  journal={nature},
  volume={488},
  number={7412},
  pages={504--507},
  year={2012},
  publisher={Nature Publishing Group}
}
@article{xiao2016iros,
  title={iROS-gPseKNC: predicting replication origin sites in DNA by incorporating dinucleotide position-specific propensity into general pseudo nucleotide composition},
  author={Xiao, Xuan and Ye, Han-Xiao and Liu, Zi and Jia, Jian-Hua and Chou, Kuo-Chen},
  journal={Oncotarget},
  volume={7},
  number={23},
  pages={34180},
  year={2016},
  publisher={Impact Journals, LLC}
}
@article{zhang2016iori,
  title={iOri-Human: identify human origin of replication by incorporating dinucleotide physicochemical properties into pseudo nucleotide composition},
  author={Zhang, Chang-Jian and Tang, Hua and Li, Wen-Chao and Lin, Hao and Chen, Wei and Chou, Kuo-Chen},
  journal={Oncotarget},
  volume={7},
  number={43},
  pages={69783},
  year={2016},
  publisher={Impact Journals, LLC}
}
@article{langston2009whither,
  title={Whither the replisome: emerging perspectives on the dynamic nature of the DNA replication machinery},
  author={Langston, Lance D and Indiani, Chiara and O'Donnell, Mike},
  journal={Cell Cycle},
  volume={8},
  number={17},
  pages={2686--2691},
  year={2009},
  publisher={Taylor \& Francis}
}
@article{haradhvala2016mutational,
  title={Mutational strand asymmetries in cancer genomes reveal mechanisms of DNA damage and repair},
  author={Haradhvala, Nicholas J and Polak, Paz and Stojanov, Petar and Covington, Kyle R and Shinbrot, Eve and Hess, Julian M and Rheinbay, Esther and Kim, Jaegil and Maruvka, Yosef E and Braunstein, Lior Z and others},
  journal={Cell},
  volume={164},
  number={3},
  pages={538--549},
  year={2016},
  publisher={Elsevier}
}
@article{lujan2012mismatch,
  title={Mismatch repair balances leading and lagging strand DNA replication fidelity},
  author={Lujan, Scott A and Williams, Jessica S and Pursell, Zachary F and Abdulovic-Cui, Amy A and Clark, Alan B and McElhinny, Stephanie A Nick and Kunkel, Thomas A},
  journal={PLoS Genet},
  volume={8},
  number={10},
  pages={e1003016},
  year={2012},
  publisher={Public Library of Science}
}
@article{reijns2015lagging,
  title={Lagging-strand replication shapes the mutational landscape of the genome},
  author={Reijns, Martin AM and Kemp, Harriet and Ding, James and de Proc{\'e}, Sophie Marion and Jackson, Andrew P and Taylor, Martin S},
  journal={Nature},
  volume={518},
  number={7540},
  pages={502--506},
  year={2015},
  publisher={Nature Publishing Group}
}
@article{shinbrot2014exonuclease,
  title={Exonuclease mutations in DNA polymerase epsilon reveal replication strand specific mutation patterns and human origins of replication},
  author={Shinbrot, Eve and Henninger, Erin E and Weinhold, Nils and Covington, Kyle R and G{\"o}ksenin, A Yasemin and Schultz, Nikolaus and Chao, Hsu and Doddapaneni, HarshaVardhan and Muzny, Donna M and Gibbs, Richard A and others},
  journal={Genome research},
  volume={24},
  number={11},
  pages={1740--1750},
  year={2014},
  publisher={Cold Spring Harbor Lab}
}
@article{seplyarskiy2019error,
  title={Error-prone bypass of DNA lesions during lagging-strand replication is a common source of germline and cancer mutations},
  author={Seplyarskiy, Vladimir B and Akkuratov, Evgeny E and Akkuratova, Natalia and Andrianova, Maria A and Nikolaev, Sergey I and Bazykin, Georgii A and Adameyko, Igor and Sunyaev, Shamil R},
  journal={Nature genetics},
  volume={51},
  number={1},
  pages={36--41},
  year={2019},
  publisher={Nature Publishing Group}
}
@article{hedglin2017eukaryotic,
  title={Eukaryotic translesion DNA synthesis on the leading and lagging strands: Unique detours around the same obstacle},
  author={Hedglin, Mark and Benkovic, Stephen J},
  journal={Chemical reviews},
  volume={117},
  number={12},
  pages={7857--7877},
  year={2017},
  publisher={ACS Publications}
}
@article{yeeles2013rescuing,
  title={Rescuing stalled or damaged replication forks},
  author={Yeeles, Joseph TP and Poli, J{\'e}r{\^o}me and Marians, Kenneth J and Pasero, Philippe},
  journal={Cold Spring Harbor perspectives in biology},
  volume={5},
  number={5},
  pages={a012815},
  year={2013},
  publisher={Cold Spring Harbor Lab}
}
@article{lujan2016dna,
  title={DNA polymerases divide the labor of genome replication},
  author={Lujan, Scott A and Williams, Jessica S and Kunkel, Thomas A},
  journal={Trends in cell biology},
  volume={26},
  number={9},
  pages={640--654},
  year={2016},
  publisher={Elsevier}
}
@article{li2020methodologies,
  title={Methodologies for detecting environmentally induced DNA damage and repair},
  author={Li, Wentao and Sancar, Aziz},
  journal={Environmental and Molecular Mutagenesis},
  volume={61},
  year={2020},
  publisher={Wiley Online Library}
}
@article{rupert1958photoreactivation,
  title={Photoreactivation in vitro of ultraviolet inactivated Hemophilus influenzae transforming factor},
  author={Rupert, Claud S and Goodgal, Sol H and Herriott, Roger M},
  journal={The Journal of general physiology},
  volume={41},
  number={3},
  pages={451},
  year={1958},
  publisher={The Rockefeller University Press}
}
@article{hu2016cisplatin,
  title={Cisplatin DNA damage and repair maps of the human genome at single-nucleotide resolution},
  author={Hu, Jinchuan and Lieb, Jason D and Sancar, Aziz and Adar, Sheera},
  journal={Proceedings of the National Academy of Sciences},
  volume={113},
  number={41},
  pages={11507--11512},
  year={2016},
  publisher={National Acad Sciences}
}
@article{hu2019genome,
  title={Genome-wide mapping of nucleotide excision repair with XR-seq},
  author={Hu, Jinchuan and Li, Wentao and Adebali, Ogun and Yang, Yanyan and Oztas, Onur and Selby, Christopher P and Sancar, Aziz},
  journal={Nature protocols},
  volume={14},
  number={1},
  pages={248--282},
  year={2019},
  publisher={Nature Publishing Group}
}
@incollection{kiefer2007effects,
  title={Effects of ultraviolet radiation on DNA},
  author={Kiefer, J{\"u}rgen},
  booktitle={Chromosomal Alterations},
  pages={39--53},
  year={2007},
  publisher={Springer}
}